2164 2826
997 62 1086 134 ‘43
1188 77 1253 132 48
1351 64 1443 136 53

437 179 542 238 'alia
550 175 729 235 omnia
739 174 948 233 abeunt,
973 173 1104 228 serio
1121 66 1424 243 {uspieicmus
1438 163 1877 247 veneiiffiffi;
1913 166 2010 229 ἃς

443 258 844 323 funstorumque
878 253 1005 303 caris
1026 249 1282 305 cineribus
1306 248 1598 320 favillaeque
1617 250 2014 324 opmttsupe

442 332 684 391 solemus,
1888 359 1890 362 .
1928 363 1938 375 .

843 410 1028 453 tenuem
1054 397 1115 461 ά·
1124 399 1426 475 finepondere
1442 412 1619 455 terrm
1891 472 1893 474 ‚

680 477 1031 552 Spirmeae‘que
1039 496 1215 538 crocos,
1238 475 1359 539 &in
1367 489 1898 552 mnaeperpetumvers

449 560 695 613 vivorum
714 595 729 617 ,
765 556 840 610 ob
851 559 1016 610 multa
1034 559 1088 609 in
1101 557 1288 625 Rcmp.
1302 557 1509 611 civilem
1525 560 1576 611 &
1595 558 1891 612 litterariam
1913 554 2028 613 mo:

454 638 562 694 rita,
581 634 771 701 capita,
794 630 933 685 sertis
954 647 1014 683 ex
1026 632 1146 686 rosis
1157 670 1172 693 ‚
1194 634 1329 693 liliis,
1350 635 1402 685 ὁ(
1417 629 1669 702 quidquid
1679 633 1748 685 est
1757 634 2027 704 pulchrio-

454 726 573 763 rum
585 709 792 769 florum,
805 709 944 760 nexis
956 705 1276 764 redimimus.
1351 709 1597 762 Ceterum
1611 709 1855 776 agnosco,
1874 725 1936 765 ac
1954 710 2030 764 lu-

219 768 435 867 ἓξςῖἶξζζ
458 786 608 846 bem,
630 787 817 836 iterum
852 784 1075 852 Magistri
1091 787 1192 837 mei
1218 785 1420 853 Optimi
1440 783 1502 853 k)
1542 784 1742 854 vestigia
1773 799 2026 856 prement.

215 840 437 932 ⁸321‚„⁷.0,
460 878 583 915 cum
604 861 856 915 illationes
877 897 893 920 ‚
940 859 969 911 ὲ
990 861 1221 929 plurimis
1242 863 1294 912 &
1311 859 1680 915 communibus
1703 864 1819 927 juris
1841 875 2029 916 naturae

459 938 719 1008 principiis
732 935 939 1004 longius
952 931 1181 988 deductis
1207 973 1222 996 ,
1261 936 1561 1004 operoliore
1578 952 1736 1007 atque
1754 939 2037 1008 prolixiore

461 1028 594 1084 opus
607 1011 823 1065 habeant
835 1007 1270 1065 demonstratione
1283 1051 1297 1073 ‚
1319 1014 1473 1064 malle
1487 1017 1708 1081 populos
1722 1013 2039 1082 populariter

464 1105 639 1157 agere,
660 1093 713 1142 &
733 1081 798 1137 ad
819 1089 892 1149 jus
916 1086 1007 1139 usu
1023 1101 1287 1155 receptum
1310 1103 1596 1157 provocare
1609 1123 1624 1147 ,
1647 1104 1803 1158 quam
1824 1089 2035 1157 ancipiti

465 1162 874 1232 disputationum
886 1178 1038 1228 atquc
1049 1163 1345 1214 illationum
1356 1164 1474 1215 alcae
1485 1162 1536 1213 sc
1547 1164 1890 1216 committere.
1927 1165 2044 1217 Un-

471 1238 538 1294 de
558 1242 609 1291 in
622 1236 676 1288 A
704 1235 924 1307 ologeticis
949 1236 1268 1305 populorum
1281 1236 1675 1307 Principumque
1695 1235 2040 1311 (Mmflstes,

475 1312 646 1379 miani
671 1306 760 1376 este
772 1328 1021 1366 vocamus
1045 1309 1230 1380 ),saepe
1242 1312 1331 1382 ju
1353 1310 1574 1363 Gentium
1593 1312 1823 1366 violatum
1845 1316 2045 1371 causan·

475 1405 574 1442 tur.
649 1389 898 1440 Ceterum
929 1388 1176 1453 exemplis
1208 1388 1520 1456 populorum
1543 1391 1687 1443 inniti
1718 1407 1872 1459 quam
1893 1391 2047 1446 lubri-

478 1480 601 1518 cum
615 1462 672 1515 sit
684 1500 699 1522 ‚
725 1458 1051 1514 documento
1062 1478 1171 1514 non
1184 1478 1292 1514 uno
1306 1478 1427 1515 cum
1451 1463 1553 1533 ipse
1567 1466 1782 1518 Grotius
1796 1505 1811 1528 ,
1835 1481 1949 1520 tum
1963 1468 2050 1521 alii

477 1541 628 1592 multi
642 1534 1068 1589 demonstrarunt.
1145 1540 1478 1607 Qamquam
1495 1536 1823 1595 diffitendum
1832 1558 1942 1597 non
1962 1542 2049 1602 est,

480 1612 785 1669 consensum
796 1614 1049 1666 Gentium
1062 1616 1304 1664 omnium
1324 1629 1409 1666 aut
1434 1614 1600 1667 saltim
1621 1618 1967 1672 moratiorum
1986 1616 2054 1674 ad

481 1683 828 1744 illustrandum
841 1702 1028 1742 naturae
1040 1690 1115 1749 jus
1134 1689 1360 1739 multum
1380 1692 1547 1742 valere
1569 1714 1583 1752 ς
1622 1692 1799 1745 certea
1813 1694 2055 1762 posterio-

195 1770 233 1821 1)
251 1764 456 1811 ¹·¹·de¹·¹³·
484 1770 524 1819 ri
549 1766 668 1828 juris
696 1766 935 1817 naturalis
950 1763 1129 1824 cist-‚ut
1142 1764 1275 1815 recte
1295 1765 1511 1818 Grotius
1536 1764 1580 1835 1)
1617 1764 2057 1839 docet,eolligimr

199 1826 362 1924 &5¹:2⁶⁹
381 1834 411 1863 ¹·
480 1840 551 1904 id,
575 1855 686 1908 quo
699 1836 733 1892 d
748 1838 886 1909 apud
907 1855 1091 1909 omnes
1109 1853 1286 1907 gentes
1302 1878 1314 1899 ,
1336 1856 1423 1892 aut
1434 1845 1734 1895 moratiores
1746 1860 1930 1897 omnes
1953 1853 2055 1903 talc

165 774 219 829 k)

171 833 211 872 n

489 1917 583 1973 ess'e
596 1912 828 1969 creditur.
902 1914 1032 1966 Nm
1045 1908 1321 1982 uniwrsabls
1334 1910 1528 1985 ᾠδὴν,
1545 1919 1709 1984 inquit
1731 1925 1751 1970 ὃ
1766 1926 1935 1989 Μέγης,
1954 1925 2060 1974 uni-

489 1989 715 2061 wrsalem
746 1992 950 2061 requirit
977 1986 1166 2060 causans
1181 2006 1200 2036 .·
1237 1987 1340 2038 talk
1363 2001 1523 2041 autem
1554 1993 1897 2063 existimatione
1918 1994 2060 2068 causi

492 2071 586 2121 vix
603 2065 697 2117 aaa
714 2064 907 2118 videtur
927 2062 1013 2140 ff
1035 2061 1158 2138 poffe
1175 2076 1343 2136 prater
1358 2063 1556 2136 sensum
1587 2066 1737 2140 ipsi-m
1756 2107 1771 2130 ,
1807 2076 2060 2126 cammunti

527 2148 579 2195 ui
593 2140 783 2194 dicitur.

492 2164 525 2217 q
664 2219 718 2288 ᾗ.
761 2220 822 2272 11.
898 2221 1228 2291 chnque
1244 2235 1415 2273 autem
1430 2223 1596 2275 modo
1608 2225 1828 2294 capiatur
1837 2228 1913 2290 jus
1922 2227 2066 2280 Gen-

500 2298 629 2347 tium
643 2300 692 2347 &
709 2313 769 2347 ex
783 2312 1098 2365 quocunque
1119 2295 1264 2349 fonte
1277 2293 1581 2359 deducatur,
1600 2316 1798 2353 cetrum
1811 2298 2067 2356 indubita-

502 2386 715 2437 tumque
741 2374 806 2424 est
826 2411 842 2433 ‚
864 2367 1002 2424 istud
1020 2371 1145 2424 sarta
1165 2374 1291 2426 tecta
1315 2376 1445 2427 velle
1474 2375 1614 2442 pacta
1643 2375 1860 2443 publica.
1937 2380 2068 2444 Quae

508 2460 632 2511 gens
648 2461 752 2496 tam
774 2446 995 2504 barbara,
1010 2463 1112 2501 tam
1127 2447 1228 2500 fera
1239 2486 1252 2507 ,
1282 2463 1337 2501 ut
1349 2466 1456 2502 non
1470 2454 1602 2504 ineat
1613 2451 1754 2519 pasta
1766 2447 1831 2503 de
1845 2457 2068 2523 negotiis

514 2517 728 2588 publicis
741 2556 754 2578 ‚
775 2526 828 2576 δε
848 2524 974 2577 inita
995 2523 1183 2578 servata
1207 2526 1406 2594 cupiat?
1448 2525 1690 2581 Hebraeos
1711 2525 1831 2580 fidei
1853 2528 2070 2598 publice.

1900 2602 2071 2658 obser-
